<collection xmlns="http://www.loc.gov/MARC21/slim">
<record>
  <leader>01513nam a2200349 a 4500</leader>
  <controlfield tag="001">3210451</controlfield>
  <controlfield tag="007">he amb---bbcp</controlfield>
  <controlfield tag="007">he bmb---baap</controlfield>
  <controlfield tag="008">831201s1873    enk     b     000 0 eng d</controlfield>
  <datafield tag="020" ind1=" " ind2=" ">
    <subfield code="a">0665286864</subfield>
  </datafield>
  <datafield tag="035" ind1=" " ind2=" ">
    <subfield code="a">ocm10281504</subfield>
  </datafield>
  <datafield tag="040" ind1=" " ind2=" ">
    <subfield code="a">CaOOCIHM</subfield>
    <subfield code="b">eng</subfield>
    <subfield code="d">AEU</subfield>
  </datafield>
  <datafield tag="043" ind1=" " ind2=" ">
    <subfield code="a">n-us---</subfield>
    <subfield code="a">n-cn---</subfield>
  </datafield>
  <datafield tag="082" ind1="0" ind2=" ">
    <subfield code="a">917.04</subfield>
    <subfield code="2">19</subfield>
  </datafield>
  <datafield tag="090" ind1=" " ind2=" ">
    <subfield code="a">FC 02 0203 no. 28686</subfield>
    <subfield code="b">AEU</subfield>
  </datafield>
  <datafield tag="100" ind1="1" ind2=" ">
    <subfield code="a">Bliss, William</subfield>
  </datafield>
  <datafield tag="245" ind1="1" ind2="0">
    <subfield code="a">Glimpses of American life and scenery</subfield>
    <subfield code="h">[microform] :</subfield>
    <subfield code="b">sketched in letters and diary of a tour in the United States and Canada, during the summer and autumn of 1872 /</subfield>
    <subfield code="c">by William Bliss.</subfield>
  </datafield>
  <datafield tag="260" ind1=" " ind2=" ">
    <subfield code="a">[London? :</subfield>
    <subfield code="b">s.n.,</subfield>
    <subfield code="c">1873?]</subfield>
    <subfield code="e">(London :</subfield>
    <subfield code="f">W. Dickes)</subfield>
  </datafield>
  <datafield tag="300" ind1=" " ind2=" ">
    <subfield code="a">1 microfiche (27 fr.).</subfield>
  </datafield>
  <datafield tag="490" ind1="1" ind2=" ">
    <subfield code="a">CIHM/ICMH Microfiche series = CIHM/ICMH collection de microfiches ;</subfield>
    <subfield code="v">no. 28686</subfield>
  </datafield>
  <datafield tag="500" ind1=" " ind2=" ">
    <subfield code="a">&quot;Printed for private circulation only.&quot;</subfield>
  </datafield>
  <datafield tag="533" ind1=" " ind2=" ">
    <subfield code="a">Filmed from a copy of the original publication held by the Library of Congress Photoduplication Service.</subfield>
    <subfield code="b">Ottawa :</subfield>
    <subfield code="c">Canadian Institute for Historical Microreproductions,</subfield>
    <subfield code="d">1981.</subfield>
  </datafield>
  <datafield tag="534" ind1=" " ind2=" ">
    <subfield code="e">[46] p. ; 28 cm.</subfield>
  </datafield>
  <datafield tag="596" ind1=" " ind2=" ">
    <subfield code="a">43</subfield>
  </datafield>
  <datafield tag="651" ind1=" " ind2="0">
    <subfield code="a">United States</subfield>
    <subfield code="x">Description and travel</subfield>
    <subfield code="y">1865-1900.</subfield>
  </datafield>
  <datafield tag="651" ind1=" " ind2="5">
    <subfield code="a">Canada</subfield>
    <subfield code="x">Description and travel</subfield>
    <subfield code="y">1867-1900.</subfield>
  </datafield>
  <datafield tag="651" ind1=" " ind2="6">
    <subfield code="a">États-Unis</subfield>
    <subfield code="x">Descriptions et voyages</subfield>
    <subfield code="y">1865-190</subfield>
  </datafield>
<!-- No separator at end of field length=53 -->
  <datafield tag="651" ind1="." ind2="">
    <subfield code="6"></subfield>
    <subfield code="a">Canada</subfield>
    <subfield code="x">Descriptions et voyages</subfield>
    <subfield code="y">1867-190</subfield>
  </datafield>
<!-- No separator at end of field length=48 -->
  <datafield tag="830" ind1="." ind2="">
    <subfield code="0"></subfield>
    <subfield code="a">CIHM/ICMH microfiche series ;</subfield>
    <subfield code="v">no. 286</subfield>
  </datafield>
<!-- No separator at end of field length=45 -->
  <datafield tag="949" ind1="6" ind2="">
    <subfield code=" "></subfield>
    <subfield code="h">UAHS-MF</subfield>
    <subfield code="z">CIHMMP</subfield>
  </datafield>
<!-- No separator at end of field length=22 -->
  <datafield tag="016" ind1="E" ind2="">
    <subfield code=" "></subfield>
    <subfield code="a"> 8361859</subfield>
  </datafield>
<!-- No separator at end of field length=15 -->
  <datafield tag="926" ind1="X" ind2="">
    <subfield code=" "></subfield>
    <subfield code="a">UAHSS</subfield>
    <subfield code="b">MICROFICHE</subfield>
    <subfield code="c">FC 02 0203 no. 28686</subfield>
    <subfield code="d">MICROFORM</subfield>
    <subfield code=""></subfield>
  </datafield>
<!-- No separator at end of field length=58 -->
</record>
</collection>
